@inproceedings{Forkscan,
 author = {Alistarh, Dan and Leiserson, William and Matveev, Alexander and Shavit, Nir},
 title = {Forkscan: Conservative Memory Reclamation for Modern Operating Systems},
 booktitle = {Proceedings of the Twelfth European Conference on Computer Systems},
 series = {EuroSys '17},
 year = {2017},
 isbn = {978-1-4503-4938-3},
 location = {Belgrade, Serbia},
 pages = {483--498},
 numpages = {16},
 url = {http://doi.acm.org/10.1145/3064176.3064214},
 doi = {10.1145/3064176.3064214},
 acmid = {3064214},
 publisher = {ACM},
 address = {New York, NY, USA},
 keywords = {Memory Management, Synchronization},
}

@article{HP,
  author    = {Maged M. Michael},
  title     = {Hazard Pointers: Safe Memory Reclamation for Lock-Free Objects},
  journal   = {IEEE Trans. Parallel Distrib. Syst.},
  volume    = {15},
  number    = {6},
  year      = {2004},
  pages     = {491-504},
  ee        = {http://doi.ieeecomputersociety.org/10.1109/TPDS.2004.8},
  bibsource = {DBLP, http://dblp.uni-trier.de}
}

@inproceedings{Boehm93,
 author = {Boehm, Hans-Juergen},
 title = {Space Efficient Conservative Garbage Collection},
 booktitle = {Proceedings of the ACM SIGPLAN 1993 Conference on Programming Language Design and Implementation},
 series = {PLDI '93},
 year = {1993},
 location = {Albuquerque, New Mexico, USA},
 pages = {197--206},
 numpages = {10},
 doi = {10.1145/155090.155109},
 acmid = {155109},
 publisher = {ACM},
 address = {New York, NY, USA},
}

@article{Ritchie,
 author = {Ritchie, Dennis M.},
 title = {The Development of the C Language},
 journal = {SIGPLAN Not.},
 issue_date = {March 1993},
 volume = {28},
 number = {3},
 month = mar,
 year = {1993},
 issn = {0362-1340},
 pages = {201--208},
 numpages = {8},
 url = {http://doi.acm.org/10.1145/155360.155580},
 doi = {10.1145/155360.155580},
 acmid = {155580},
 publisher = {ACM},
 address = {New York, NY, USA},
}

@inproceedings{BDW,
 author = {Demers, Alan and Weiser, Mark and Hayes, Barry and Boehm, Hans and Bobrow, Daniel and Shenker, Scott},
 title = {Combining Generational and Conservative Garbage Collection: Framework and Implementations},
 booktitle = {Proceedings of the 17th ACM SIGPLAN-SIGACT Symposium on Principles of Programming Languages},
 series = {POPL '90},
 year = {1990},
 isbn = {0-89791-343-4},
 location = {San Francisco, California, USA},
 pages = {261--269},
 numpages = {9},
 doi = {10.1145/96709.96735},
 acmid = {96735},
 publisher = {ACM},
 address = {New York, NY, USA},
}

@inproceedings{DTA,
 author = {Braginsky, Anastasia and Kogan, Alex and Petrank, Erez},
 title = {Drop the anchor: lightweight memory management for non-blocking data structures},
 booktitle = {Proceedings of the 25th ACM symposium on Parallelism in algorithms and architectures},
 series = {SPAA '13},
 year = {2013},
 location = {Montr\&\#233;al, Qu\&\#233;bec, Canada},
 pages = {33--42},
 numpages = {10},
 acmid = {2486184},
 publisher = {ACM},
 address = {New York, NY, USA},
 keywords = {concurrent data structures, freezing, hazard pointers, linked list, lock-freedom, memory management, parallel programming, progress guarantee, timestamps},
} 

@inproceedings{StackTrack,
 author = {Alistarh, Dan and Eugster, Patrick and Herlihy, Maurice and Matveev, Alexander and Shavit, Nir},
 title = {StackTrack: An Automated Transactional Approach to Concurrent Memory Reclamation},
 booktitle = {Proceedings of the Ninth European Conference on Computer Systems},
 series = {EuroSys '14},
 year = {2014},
 isbn = {978-1-4503-2704-6},
 location = {Amsterdam, The Netherlands},
 pages = {25:1--25:14},
 articleno = {25},
 numpages = {14},
 url = {http://doi.acm.org/10.1145/2592798.2592808},
 doi = {10.1145/2592798.2592808},
 acmid = {2592808},
 publisher = {ACM},
 address = {New York, NY, USA},
} 

@article{Threadscan,
 author = {Alistarh, Dan and Leiserson, William and Matveev, Alexander and Shavit, Nir},
 title = {ThreadScan: Automatic and Scalable Memory Reclamation},
 journal = {ACM Trans. Parallel Comput.},
 issue_date = {July 2018},
 volume = {4},
 number = {4},
 month = may,
 year = {2018},
 issn = {2329-4949},
 pages = {18:1--18:18},
 articleno = {18},
 numpages = {18},
 url = {http://doi.acm.org/10.1145/3201897},
 doi = {10.1145/3201897},
 acmid = {3201897},
 publisher = {ACM},
 address = {New York, NY, USA},
 keywords = {Concurrent data structures, lock-based data structures, lock-free data structures, memory reclamation},
}

@inproceedings{Synchrobench,
  author = {V. Gramoli},
  title = {More Than You Ever Wanted to Know about Synchronization: Synchrobench},
  booktitle = {Proceedings of the 20th Annual ACM SIGPLAN Symposium on Principles and Practice of Parallel Programming (PPoPP)},
  year = {2015},
}

@InProceedings{Scal,
author="Haas, Andreas
and H{\"u}tter, Thomas
and Kirsch, Christoph M.
and Lippautz, Michael
and Preishuber, Mario
and Sokolova, Ana",
editor="Bouajjani, Ahmed
and Fauconnier, Hugues",
title="Scal: A Benchmarking Suite for Concurrent Data Structures",
booktitle="Networked Systems ",
year="2015",
publisher="Springer International Publishing",
address="Cham",
pages="1--14",
isbn="978-3-319-26850-7"
}
